<record><leader>00000cas a2200000 a 4500</leader><controlfield tag="001">38185959</controlfield><controlfield tag="008">980112d18831885vtuwr ne      0   a0eng c</controlfield><datafield ind1=" " ind2=" " tag="010"><subfield code="a">sn 98060001 </subfield></datafield><datafield ind1=" " ind2=" " tag="040"><subfield code="a">NVN</subfield><subfield code="b">eng</subfield><subfield code="c">NVN</subfield><subfield code="d">OCL</subfield><subfield code="d">NVN</subfield><subfield code="d">OCLCO</subfield><subfield code="d">OCLCQ</subfield><subfield code="d">DLC</subfield><subfield code="d">OCLCA</subfield><subfield code="d">OCLCF</subfield></datafield><datafield ind1="0" ind2=" " tag="022"><subfield code="a">2328-1197</subfield><subfield code="2">1</subfield></datafield><datafield ind1="1" ind2=" " tag="029"><subfield code="a">AU@</subfield><subfield code="b">000013709341</subfield></datafield><datafield ind1=" " ind2=" " tag="042"><subfield code="a">pcc</subfield><subfield code="a">nsdp</subfield></datafield><datafield ind1=" " ind2=" " tag="043"><subfield code="a">n-us-vt</subfield></datafield><datafield ind1="0" ind2="0" tag="050"><subfield code="a">Newspaper</subfield></datafield><datafield ind1="0" ind2="0" tag="082"><subfield code="a">071</subfield><subfield code="2">23</subfield></datafield><datafield ind1="0" ind2=" " tag="130"><subfield code="a">Middlebury register and Addison County journal (Middlebury, Vt. : 1883)</subfield></datafield><datafield ind1=" " ind2="4" tag="222"><subfield code="a">The Middlebury register and Addison County journal</subfield><subfield code="b">(Middlebury, Vt. 1883. Print)</subfield></datafield><datafield ind1="1" ind2="4" tag="245"><subfield code="a">The Middlebury register and Addison County journal.</subfield></datafield><datafield ind1=" " ind2=" " tag="260"><subfield code="a">Middlebury, Vt. :</subfield><subfield code="b">Register Co.,</subfield><subfield code="c">1883-1885.</subfield></datafield><datafield ind1=" " ind2=" " tag="300"><subfield code="a">v.</subfield></datafield><datafield ind1=" " ind2=" " tag="310"><subfield code="a">Weekly</subfield></datafield><datafield ind1="0" ind2=" " tag="362"><subfield code="a">Vol. 48, no. 1 (Jan. 5, 1883)-v. 50 no. 52 (Dec 25, 1885).</subfield></datafield><datafield ind1=" " ind2=" " tag="530"><subfield code="a">Archived issues are available in digital format as part of the Library of Congress Chronicling America online collection.</subfield></datafield><datafield ind1=" " ind2=" " tag="580"><subfield code="a">Formed by the union of: Addison County journal (Middlebury, Vt. : 1876), and: Middlebury register (Middlebury, Vt. : 1850).</subfield></datafield><datafield ind1=" " ind2="0" tag="651"><subfield code="a">Middlebury (Vt.)</subfield><subfield code="v">Newspapers.</subfield></datafield><datafield ind1=" " ind2="0" tag="651"><subfield code="a">Addison County (Vt.)</subfield><subfield code="v">Newspapers.</subfield></datafield><datafield ind1=" " ind2="0" tag="651"><subfield code="a">Vermont</subfield><subfield code="v">Newspapers.</subfield></datafield><datafield ind1=" " ind2="7" tag="655"><subfield code="a">Newspapers.</subfield><subfield code="2">fast</subfield><subfield code="0">(OCoLC)fst01423814</subfield></datafield><datafield ind1=" " ind2="7" tag="651"><subfield code="a">Vermont.</subfield><subfield code="2">fast</subfield><subfield code="0">(OCoLC)fst01204305</subfield></datafield><datafield ind1=" " ind2="7" tag="651"><subfield code="a">Vermont</subfield><subfield code="z">Addison County.</subfield><subfield code="2">fast</subfield><subfield code="0">(OCoLC)fst01213033</subfield></datafield><datafield ind1=" " ind2="7" tag="651"><subfield code="a">Vermont</subfield><subfield code="z">Middlebury.</subfield><subfield code="2">fast</subfield><subfield code="0">(OCoLC)fst01202765</subfield></datafield><datafield ind1=" " ind2=" " tag="752"><subfield code="a">United States</subfield><subfield code="b">Vermont</subfield><subfield code="c">Addison</subfield><subfield code="d">Middlebury.</subfield></datafield><datafield ind1="1" ind2=" " tag="776"><subfield code="t">Middlebury register and Addison County journal (Middlebury, Vt. : 1883 : Online)</subfield><subfield code="x">2328-1200</subfield><subfield code="w">(DLC)  2013218718</subfield><subfield code="w">(OCoLC)837675608</subfield></datafield><datafield ind1="1" ind2="4" tag="780"><subfield code="t">Middlebury register (Middlebury, Vt. : 1850)</subfield><subfield code="x">2328-1170</subfield><subfield code="w">(DLC)sn 83025667</subfield><subfield code="w">(OCoLC)9735833</subfield></datafield><datafield ind1="1" ind2="4" tag="780"><subfield code="t">Addison County journal (Middlebury, Vt. : 1876)</subfield><subfield code="w">(DLC)sn 98060000</subfield><subfield code="w">(OCoLC)38160217</subfield></datafield><datafield ind1="0" ind2="0" tag="785"><subfield code="t">Middlebury register (Middlebury, Vt. : 1886)</subfield><subfield code="w">(DLC)sn 93063557</subfield><subfield code="w">(OCoLC)27359768</subfield></datafield><datafield ind1="4" ind2="1" tag="856"><subfield code="u">http://chroniclingamerica.loc.gov/lccn/sn98060001/issues/</subfield></datafield></record>